%YAML 1.1
%TAG !u! tag:unity3d.com,2011:
--- !u!1 &7891447557599237767
GameObject:
  m_ObjectHideFlags: 0
  m_CorrespondingSourceObject: {fileID: 0}
  m_PrefabInstance: {fileID: 0}
  m_PrefabAsset: {fileID: 0}
  serializedVersion: 6
  m_Component:
  - component: {fileID: 9073989575069927831}
  - component: {fileID: 576484257154293065}
  - component: {fileID: 3600678689340481833}
  - component: {fileID: 5231558101907788609}
  - component: {fileID: 6861759877497979098}
  - component: {fileID: 2417567881582426147}
  m_Layer: 12
  m_Name: ChaseBubble_2
  m_TagString: Bubble
  m_Icon: {fileID: 0}
  m_NavMeshLayer: 0
  m_StaticEditorFlags: 0
  m_IsActive: 1
--- !u!4 &9073989575069927831
Transform:
  m_ObjectHideFlags: 0
  m_CorrespondingSourceObject: {fileID: 0}
  m_PrefabInstance: {fileID: 0}
  m_PrefabAsset: {fileID: 0}
  m_GameObject: {fileID: 7891447557599237767}
  m_LocalRotation: {x: 0, y: 0, z: 0, w: 1}
  m_LocalPosition: {x: 0, y: 0, z: 0}
  m_LocalScale: {x: 0.5, y: 0.5, z: 0.5}
  m_Children:
  - {fileID: 903483106752036062}
  m_Father: {fileID: 0}
  m_RootOrder: 0
  m_LocalEulerAnglesHint: {x: 0, y: 0, z: 0}
--- !u!33 &576484257154293065
MeshFilter:
  m_ObjectHideFlags: 0
  m_CorrespondingSourceObject: {fileID: 0}
  m_PrefabInstance: {fileID: 0}
  m_PrefabAsset: {fileID: 0}
  m_GameObject: {fileID: 7891447557599237767}
  m_Mesh: {fileID: 10207, guid: 0000000000000000e000000000000000, type: 0}
--- !u!23 &3600678689340481833
MeshRenderer:
  m_ObjectHideFlags: 0
  m_CorrespondingSourceObject: {fileID: 0}
  m_PrefabInstance: {fileID: 0}
  m_PrefabAsset: {fileID: 0}
  m_GameObject: {fileID: 7891447557599237767}
  m_Enabled: 1
  m_CastShadows: 1
  m_ReceiveShadows: 1
  m_DynamicOccludee: 1
  m_MotionVectors: 1
  m_LightProbeUsage: 1
  m_ReflectionProbeUsage: 1
  m_RenderingLayerMask: 1
  m_RendererPriority: 0
  m_Materials:
  - {fileID: 2100000, guid: 72b15916b9ab5a14e96479b917c178cf, type: 2}
  m_StaticBatchInfo:
    firstSubMesh: 0
    subMeshCount: 0
  m_StaticBatchRoot: {fileID: 0}
  m_ProbeAnchor: {fileID: 0}
  m_LightProbeVolumeOverride: {fileID: 0}
  m_ScaleInLightmap: 1
  m_PreserveUVs: 0
  m_IgnoreNormalsForChartDetection: 0
  m_ImportantGI: 0
  m_StitchLightmapSeams: 0
  m_SelectedEditorRenderState: 3
  m_MinimumChartSize: 4
  m_AutoUVMaxDistance: 0.5
  m_AutoUVMaxAngle: 89
  m_LightmapParameters: {fileID: 0}
  m_SortingLayerID: 0
  m_SortingLayer: 0
  m_SortingOrder: 0
--- !u!135 &5231558101907788609
SphereCollider:
  m_ObjectHideFlags: 0
  m_CorrespondingSourceObject: {fileID: 0}
  m_PrefabInstance: {fileID: 0}
  m_PrefabAsset: {fileID: 0}
  m_GameObject: {fileID: 7891447557599237767}
  m_Material: {fileID: 0}
  m_IsTrigger: 1
  m_Enabled: 1
  serializedVersion: 2
  m_Radius: 0.5
  m_Center: {x: 0, y: 0, z: 0}
--- !u!54 &6861759877497979098
Rigidbody:
  m_ObjectHideFlags: 0
  m_CorrespondingSourceObject: {fileID: 0}
  m_PrefabInstance: {fileID: 0}
  m_PrefabAsset: {fileID: 0}
  m_GameObject: {fileID: 7891447557599237767}
  serializedVersion: 2
  m_Mass: 1
  m_Drag: 0
  m_AngularDrag: 0.05
  m_UseGravity: 0
  m_IsKinematic: 0
  m_Interpolate: 0
  m_Constraints: 0
  m_CollisionDetection: 0
--- !u!114 &2417567881582426147
MonoBehaviour:
  m_ObjectHideFlags: 0
  m_CorrespondingSourceObject: {fileID: 0}
  m_PrefabInstance: {fileID: 0}
  m_PrefabAsset: {fileID: 0}
  m_GameObject: {fileID: 7891447557599237767}
  m_Enabled: 1
  m_EditorHideFlags: 0
  m_Script: {fileID: 11500000, guid: c81912cd3e8990c458b75a4c2802d9c0, type: 3}
  m_Name: 
  m_EditorClassIdentifier: 
  controller: {fileID: 0}
  chaseBubblePool: {fileID: 0}
  bubbleHitEffectPool: {fileID: 0}
  _timer: 0
  bubbleLife: 10
  bubbleSpeed: 6
  bubbleSlowDownSpeed: 0.1
  bubbleStopTimer: 0
  bubbleSpeedUpSpeed: 0
  bubbleStopWaitTime: 0
  aimingRotationSpeed: 0.5
  b_allowAiming: 0
  bubbleHitPlayer: 0
--- !u!1001 &1216840068400524958
PrefabInstance:
  m_ObjectHideFlags: 0
  serializedVersion: 2
  m_Modification:
    m_TransformParent: {fileID: 9073989575069927831}
    m_Modifications:
    - target: {fileID: 2047665039459799631, guid: 7d607bfa5bfc8b640bd8583f9b97fa4e,
        type: 3}
      propertyPath: m_Name
      value: BubbleEffectOnBall
      objectReference: {fileID: 0}
    - target: {fileID: 2047665039459799616, guid: 7d607bfa5bfc8b640bd8583f9b97fa4e,
        type: 3}
      propertyPath: m_LocalPosition.x
      value: 0
      objectReference: {fileID: 0}
    - target: {fileID: 2047665039459799616, guid: 7d607bfa5bfc8b640bd8583f9b97fa4e,
        type: 3}
      propertyPath: m_LocalPosition.y
      value: 0
      objectReference: {fileID: 0}
    - target: {fileID: 2047665039459799616, guid: 7d607bfa5bfc8b640bd8583f9b97fa4e,
        type: 3}
      propertyPath: m_LocalPosition.z
      value: 0
      objectReference: {fileID: 0}
    - target: {fileID: 2047665039459799616, guid: 7d607bfa5bfc8b640bd8583f9b97fa4e,
        type: 3}
      propertyPath: m_LocalRotation.x
      value: 0
      objectReference: {fileID: 0}
    - target: {fileID: 2047665039459799616, guid: 7d607bfa5bfc8b640bd8583f9b97fa4e,
        type: 3}
      propertyPath: m_LocalRotation.y
      value: 0
      objectReference: {fileID: 0}
    - target: {fileID: 2047665039459799616, guid: 7d607bfa5bfc8b640bd8583f9b97fa4e,
        type: 3}
      propertyPath: m_LocalRotation.z
      value: 0
      objectReference: {fileID: 0}
    - target: {fileID: 2047665039459799616, guid: 7d607bfa5bfc8b640bd8583f9b97fa4e,
        type: 3}
      propertyPath: m_LocalRotation.w
      value: 1
      objectReference: {fileID: 0}
    - target: {fileID: 2047665039459799616, guid: 7d607bfa5bfc8b640bd8583f9b97fa4e,
        type: 3}
      propertyPath: m_RootOrder
      value: 0
      objectReference: {fileID: 0}
    - target: {fileID: 2047665039459799616, guid: 7d607bfa5bfc8b640bd8583f9b97fa4e,
        type: 3}
      propertyPath: m_LocalEulerAnglesHint.x
      value: 0
      objectReference: {fileID: 0}
    - target: {fileID: 2047665039459799616, guid: 7d607bfa5bfc8b640bd8583f9b97fa4e,
        type: 3}
      propertyPath: m_LocalEulerAnglesHint.y
      value: 0
      objectReference: {fileID: 0}
    - target: {fileID: 2047665039459799616, guid: 7d607bfa5bfc8b640bd8583f9b97fa4e,
        type: 3}
      propertyPath: m_LocalEulerAnglesHint.z
      value: 0
      objectReference: {fileID: 0}
    - target: {fileID: 2047665039459799616, guid: 7d607bfa5bfc8b640bd8583f9b97fa4e,
        type: 3}
      propertyPath: m_LocalScale.x
      value: 0.5
      objectReference: {fileID: 0}
    - target: {fileID: 2047665039459799616, guid: 7d607bfa5bfc8b640bd8583f9b97fa4e,
        type: 3}
      propertyPath: m_LocalScale.y
      value: 0.5
      objectReference: {fileID: 0}
    - target: {fileID: 2047665039459799616, guid: 7d607bfa5bfc8b640bd8583f9b97fa4e,
        type: 3}
      propertyPath: m_LocalScale.z
      value: 0.5
      objectReference: {fileID: 0}
    m_RemovedComponents: []
  m_SourcePrefab: {fileID: 100100000, guid: 7d607bfa5bfc8b640bd8583f9b97fa4e, type: 3}
--- !u!4 &903483106752036062 stripped
Transform:
  m_CorrespondingSourceObject: {fileID: 2047665039459799616, guid: 7d607bfa5bfc8b640bd8583f9b97fa4e,
    type: 3}
  m_PrefabInstance: {fileID: 1216840068400524958}
  m_PrefabAsset: {fileID: 0}
