%YAML 1.1
%TAG !u! tag:unity3d.com,2011:
--- !u!1 &1142480435215836
GameObject:
  m_ObjectHideFlags: 0
  m_CorrespondingSourceObject: {fileID: 0}
  m_PrefabInstance: {fileID: 0}
  m_PrefabAsset: {fileID: 0}
  serializedVersion: 6
  m_Component:
  - component: {fileID: 4064374359327056}
  - component: {fileID: 205743437050033398}
  m_Layer: 0
  m_Name: Block_02
  m_TagString: Untagged
  m_Icon: {fileID: 0}
  m_NavMeshLayer: 0
  m_StaticEditorFlags: 0
  m_IsActive: 1
--- !u!4 &4064374359327056
Transform:
  m_ObjectHideFlags: 0
  m_CorrespondingSourceObject: {fileID: 0}
  m_PrefabInstance: {fileID: 0}
  m_PrefabAsset: {fileID: 0}
  m_GameObject: {fileID: 1142480435215836}
  m_LocalRotation: {x: -0, y: -0, z: -0, w: 1}
  m_LocalPosition: {x: 0, y: 0, z: 0}
  m_LocalScale: {x: 1, y: 1, z: 1}
  m_Children:
  - {fileID: 4149323794795510}
  - {fileID: 4295145645913968}
  - {fileID: 4282666326767368}
  - {fileID: 4721350534057724}
  - {fileID: 6544675066534372133}
  - {fileID: 6775383755828333074}
  - {fileID: 8024871268308515843}
  - {fileID: 1355181421891062084}
  - {fileID: 8204286234062498767}
  - {fileID: 6066679585202574425}
  - {fileID: 8919601038992805536}
  - {fileID: 3289503668336326079}
  - {fileID: 6900001612851103345}
  - {fileID: 1282175513744381500}
  - {fileID: 1069095393040758972}
  - {fileID: 7110323775552859390}
  - {fileID: 139770025505692585}
  m_Father: {fileID: 0}
  m_RootOrder: 0
  m_LocalEulerAnglesHint: {x: 0, y: 0, z: 0}
--- !u!205 &205743437050033398
LODGroup:
  m_ObjectHideFlags: 0
  m_CorrespondingSourceObject: {fileID: 0}
  m_PrefabInstance: {fileID: 0}
  m_PrefabAsset: {fileID: 0}
  m_GameObject: {fileID: 1142480435215836}
  serializedVersion: 2
  m_LocalReferencePoint: {x: 0, y: 2.090347, z: 0}
  m_Size: 20.060001
  m_FadeMode: 0
  m_AnimateCrossFading: 0
  m_LastLODIsBillboard: 0
  m_LODs:
  - screenRelativeHeight: 0.15099359
    fadeTransitionWidth: 0
    renderers:
    - renderer: {fileID: 23238365862199650}
    - renderer: {fileID: 23511963792489094}
    - renderer: {fileID: 23501082007671422}
  - screenRelativeHeight: 0.002419856
    fadeTransitionWidth: 0
    renderers:
    - renderer: {fileID: 23238365862199650}
  m_Enabled: 1
--- !u!1 &1491778227723354
GameObject:
  m_ObjectHideFlags: 0
  m_CorrespondingSourceObject: {fileID: 0}
  m_PrefabInstance: {fileID: 0}
  m_PrefabAsset: {fileID: 0}
  serializedVersion: 6
  m_Component:
  - component: {fileID: 4149323794795510}
  - component: {fileID: 33215310651448242}
  - component: {fileID: 23238365862199650}
  m_Layer: 0
  m_Name: Block_02
  m_TagString: Untagged
  m_Icon: {fileID: 0}
  m_NavMeshLayer: 0
  m_StaticEditorFlags: 0
  m_IsActive: 1
--- !u!4 &4149323794795510
Transform:
  m_ObjectHideFlags: 0
  m_CorrespondingSourceObject: {fileID: 0}
  m_PrefabInstance: {fileID: 0}
  m_PrefabAsset: {fileID: 0}
  m_GameObject: {fileID: 1491778227723354}
  m_LocalRotation: {x: 0.000000021855694, y: 0, z: -0, w: 1}
  m_LocalPosition: {x: -0, y: 0, z: 0}
  m_LocalScale: {x: 1, y: 1, z: 1}
  m_Children: []
  m_Father: {fileID: 4064374359327056}
  m_RootOrder: 0
  m_LocalEulerAnglesHint: {x: 0, y: 0, z: 0}
--- !u!33 &33215310651448242
MeshFilter:
  m_ObjectHideFlags: 0
  m_CorrespondingSourceObject: {fileID: 0}
  m_PrefabInstance: {fileID: 0}
  m_PrefabAsset: {fileID: 0}
  m_GameObject: {fileID: 1491778227723354}
  m_Mesh: {fileID: 4300000, guid: d93e8d3b3a93bc84090321870eb83915, type: 3}
--- !u!23 &23238365862199650
MeshRenderer:
  m_ObjectHideFlags: 0
  m_CorrespondingSourceObject: {fileID: 0}
  m_PrefabInstance: {fileID: 0}
  m_PrefabAsset: {fileID: 0}
  m_GameObject: {fileID: 1491778227723354}
  m_Enabled: 1
  m_CastShadows: 1
  m_ReceiveShadows: 1
  m_DynamicOccludee: 1
  m_MotionVectors: 1
  m_LightProbeUsage: 1
  m_ReflectionProbeUsage: 1
  m_RenderingLayerMask: 1
  m_RendererPriority: 0
  m_Materials:
  - {fileID: 2100000, guid: d4922b83caaeb104d830636ee9a7e0ac, type: 2}
  - {fileID: 2100000, guid: 3d3a076321a72b941997f85504e2493c, type: 2}
  - {fileID: 2100000, guid: e54b8f7799c56c24083839fdd4d1ec2b, type: 2}
  m_StaticBatchInfo:
    firstSubMesh: 0
    subMeshCount: 0
  m_StaticBatchRoot: {fileID: 0}
  m_ProbeAnchor: {fileID: 0}
  m_LightProbeVolumeOverride: {fileID: 0}
  m_ScaleInLightmap: 1
  m_PreserveUVs: 0
  m_IgnoreNormalsForChartDetection: 0
  m_ImportantGI: 0
  m_StitchLightmapSeams: 0
  m_SelectedEditorRenderState: 3
  m_MinimumChartSize: 4
  m_AutoUVMaxDistance: 0.5
  m_AutoUVMaxAngle: 89
  m_LightmapParameters: {fileID: 0}
  m_SortingLayerID: 0
  m_SortingLayer: 0
  m_SortingOrder: 0
--- !u!1 &1660158861150922
GameObject:
  m_ObjectHideFlags: 0
  m_CorrespondingSourceObject: {fileID: 0}
  m_PrefabInstance: {fileID: 0}
  m_PrefabAsset: {fileID: 0}
  serializedVersion: 6
  m_Component:
  - component: {fileID: 4721350534057724}
  - component: {fileID: 33294082140394702}
  - component: {fileID: 23501082007671422}
  m_Layer: 0
  m_Name: Block_02_Decal_Text
  m_TagString: Untagged
  m_Icon: {fileID: 0}
  m_NavMeshLayer: 0
  m_StaticEditorFlags: 0
  m_IsActive: 1
--- !u!4 &4721350534057724
Transform:
  m_ObjectHideFlags: 0
  m_CorrespondingSourceObject: {fileID: 0}
  m_PrefabInstance: {fileID: 0}
  m_PrefabAsset: {fileID: 0}
  m_GameObject: {fileID: 1660158861150922}
  m_LocalRotation: {x: 0.000000021855694, y: 0, z: -0, w: 1}
  m_LocalPosition: {x: -0, y: 0, z: 0}
  m_LocalScale: {x: 1, y: 1, z: 1}
  m_Children: []
  m_Father: {fileID: 4064374359327056}
  m_RootOrder: 3
  m_LocalEulerAnglesHint: {x: 0, y: 0, z: 0}
--- !u!33 &33294082140394702
MeshFilter:
  m_ObjectHideFlags: 0
  m_CorrespondingSourceObject: {fileID: 0}
  m_PrefabInstance: {fileID: 0}
  m_PrefabAsset: {fileID: 0}
  m_GameObject: {fileID: 1660158861150922}
  m_Mesh: {fileID: 4300004, guid: d93e8d3b3a93bc84090321870eb83915, type: 3}
--- !u!23 &23501082007671422
MeshRenderer:
  m_ObjectHideFlags: 0
  m_CorrespondingSourceObject: {fileID: 0}
  m_PrefabInstance: {fileID: 0}
  m_PrefabAsset: {fileID: 0}
  m_GameObject: {fileID: 1660158861150922}
  m_Enabled: 1
  m_CastShadows: 1
  m_ReceiveShadows: 1
  m_DynamicOccludee: 1
  m_MotionVectors: 1
  m_LightProbeUsage: 1
  m_ReflectionProbeUsage: 1
  m_RenderingLayerMask: 1
  m_RendererPriority: 0
  m_Materials:
  - {fileID: 2100000, guid: b15565cd78232b544bf557b3d8856d74, type: 2}
  m_StaticBatchInfo:
    firstSubMesh: 0
    subMeshCount: 0
  m_StaticBatchRoot: {fileID: 0}
  m_ProbeAnchor: {fileID: 0}
  m_LightProbeVolumeOverride: {fileID: 0}
  m_ScaleInLightmap: 1
  m_PreserveUVs: 0
  m_IgnoreNormalsForChartDetection: 0
  m_ImportantGI: 0
  m_StitchLightmapSeams: 0
  m_SelectedEditorRenderState: 3
  m_MinimumChartSize: 4
  m_AutoUVMaxDistance: 0.5
  m_AutoUVMaxAngle: 89
  m_LightmapParameters: {fileID: 0}
  m_SortingLayerID: 0
  m_SortingLayer: 0
  m_SortingOrder: 0
--- !u!1 &1760293131683516
GameObject:
  m_ObjectHideFlags: 0
  m_CorrespondingSourceObject: {fileID: 0}
  m_PrefabInstance: {fileID: 0}
  m_PrefabAsset: {fileID: 0}
  serializedVersion: 6
  m_Component:
  - component: {fileID: 4282666326767368}
  - component: {fileID: 33678838075795064}
  - component: {fileID: 23511963792489094}
  m_Layer: 0
  m_Name: Block_02_Decal_Normal
  m_TagString: Untagged
  m_Icon: {fileID: 0}
  m_NavMeshLayer: 0
  m_StaticEditorFlags: 0
  m_IsActive: 1
--- !u!4 &4282666326767368
Transform:
  m_ObjectHideFlags: 0
  m_CorrespondingSourceObject: {fileID: 0}
  m_PrefabInstance: {fileID: 0}
  m_PrefabAsset: {fileID: 0}
  m_GameObject: {fileID: 1760293131683516}
  m_LocalRotation: {x: 0.000000021855694, y: 0, z: -0, w: 1}
  m_LocalPosition: {x: -0, y: 0, z: 0}
  m_LocalScale: {x: 1, y: 1, z: 1}
  m_Children: []
  m_Father: {fileID: 4064374359327056}
  m_RootOrder: 2
  m_LocalEulerAnglesHint: {x: 0, y: 0, z: 0}
--- !u!33 &33678838075795064
MeshFilter:
  m_ObjectHideFlags: 0
  m_CorrespondingSourceObject: {fileID: 0}
  m_PrefabInstance: {fileID: 0}
  m_PrefabAsset: {fileID: 0}
  m_GameObject: {fileID: 1760293131683516}
  m_Mesh: {fileID: 4300002, guid: d93e8d3b3a93bc84090321870eb83915, type: 3}
--- !u!23 &23511963792489094
MeshRenderer:
  m_ObjectHideFlags: 0
  m_CorrespondingSourceObject: {fileID: 0}
  m_PrefabInstance: {fileID: 0}
  m_PrefabAsset: {fileID: 0}
  m_GameObject: {fileID: 1760293131683516}
  m_Enabled: 1
  m_CastShadows: 1
  m_ReceiveShadows: 1
  m_DynamicOccludee: 1
  m_MotionVectors: 1
  m_LightProbeUsage: 1
  m_ReflectionProbeUsage: 1
  m_RenderingLayerMask: 1
  m_RendererPriority: 0
  m_Materials:
  - {fileID: 2100000, guid: bdd285758b5d578419bec754c1f1fcd4, type: 2}
  m_StaticBatchInfo:
    firstSubMesh: 0
    subMeshCount: 0
  m_StaticBatchRoot: {fileID: 0}
  m_ProbeAnchor: {fileID: 0}
  m_LightProbeVolumeOverride: {fileID: 0}
  m_ScaleInLightmap: 1
  m_PreserveUVs: 0
  m_IgnoreNormalsForChartDetection: 0
  m_ImportantGI: 0
  m_StitchLightmapSeams: 0
  m_SelectedEditorRenderState: 3
  m_MinimumChartSize: 4
  m_AutoUVMaxDistance: 0.5
  m_AutoUVMaxAngle: 89
  m_LightmapParameters: {fileID: 0}
  m_SortingLayerID: 0
  m_SortingLayer: 0
  m_SortingOrder: 0
--- !u!1 &1974921597750744
GameObject:
  m_ObjectHideFlags: 0
  m_CorrespondingSourceObject: {fileID: 0}
  m_PrefabInstance: {fileID: 0}
  m_PrefabAsset: {fileID: 0}
  serializedVersion: 6
  m_Component:
  - component: {fileID: 4295145645913968}
  - component: {fileID: 33071683996372716}
  - component: {fileID: 64338158080327292}
  m_Layer: 0
  m_Name: Block_02_Collider
  m_TagString: Untagged
  m_Icon: {fileID: 0}
  m_NavMeshLayer: 0
  m_StaticEditorFlags: 0
  m_IsActive: 1
--- !u!4 &4295145645913968
Transform:
  m_ObjectHideFlags: 0
  m_CorrespondingSourceObject: {fileID: 0}
  m_PrefabInstance: {fileID: 0}
  m_PrefabAsset: {fileID: 0}
  m_GameObject: {fileID: 1974921597750744}
  m_LocalRotation: {x: 0.000000021855694, y: 0, z: -0, w: 1}
  m_LocalPosition: {x: -0, y: 0, z: 0}
  m_LocalScale: {x: 1, y: 1, z: 1}
  m_Children: []
  m_Father: {fileID: 4064374359327056}
  m_RootOrder: 1
  m_LocalEulerAnglesHint: {x: 0, y: 0, z: 0}
--- !u!33 &33071683996372716
MeshFilter:
  m_ObjectHideFlags: 0
  m_CorrespondingSourceObject: {fileID: 0}
  m_PrefabInstance: {fileID: 0}
  m_PrefabAsset: {fileID: 0}
  m_GameObject: {fileID: 1974921597750744}
  m_Mesh: {fileID: 4300006, guid: d93e8d3b3a93bc84090321870eb83915, type: 3}
--- !u!64 &64338158080327292
MeshCollider:
  m_ObjectHideFlags: 0
  m_CorrespondingSourceObject: {fileID: 0}
  m_PrefabInstance: {fileID: 0}
  m_PrefabAsset: {fileID: 0}
  m_GameObject: {fileID: 1974921597750744}
  m_Material: {fileID: 0}
  m_IsTrigger: 0
  m_Enabled: 1
  serializedVersion: 3
  m_Convex: 0
  m_CookingOptions: 14
  m_Mesh: {fileID: 4300006, guid: d93e8d3b3a93bc84090321870eb83915, type: 3}
--- !u!1001 &143975986088816791
PrefabInstance:
  m_ObjectHideFlags: 0
  serializedVersion: 2
  m_Modification:
    m_TransformParent: {fileID: 4064374359327056}
    m_Modifications:
    - target: {fileID: 1208799567460092, guid: fbc944adfbb42fa41b4f49ac0fae6b24, type: 3}
      propertyPath: m_Name
      value: Scaffold_04 (12)
      objectReference: {fileID: 0}
    - target: {fileID: 4241351130557246, guid: fbc944adfbb42fa41b4f49ac0fae6b24, type: 3}
      propertyPath: m_LocalPosition.x
      value: 0.421
      objectReference: {fileID: 0}
    - target: {fileID: 4241351130557246, guid: fbc944adfbb42fa41b4f49ac0fae6b24, type: 3}
      propertyPath: m_LocalPosition.y
      value: 3.8054
      objectReference: {fileID: 0}
    - target: {fileID: 4241351130557246, guid: fbc944adfbb42fa41b4f49ac0fae6b24, type: 3}
      propertyPath: m_LocalPosition.z
      value: 8.932
      objectReference: {fileID: 0}
    - target: {fileID: 4241351130557246, guid: fbc944adfbb42fa41b4f49ac0fae6b24, type: 3}
      propertyPath: m_LocalRotation.x
      value: -0.7071068
      objectReference: {fileID: 0}
    - target: {fileID: 4241351130557246, guid: fbc944adfbb42fa41b4f49ac0fae6b24, type: 3}
      propertyPath: m_LocalRotation.y
      value: 0
      objectReference: {fileID: 0}
    - target: {fileID: 4241351130557246, guid: fbc944adfbb42fa41b4f49ac0fae6b24, type: 3}
      propertyPath: m_LocalRotation.z
      value: -0
      objectReference: {fileID: 0}
    - target: {fileID: 4241351130557246, guid: fbc944adfbb42fa41b4f49ac0fae6b24, type: 3}
      propertyPath: m_LocalRotation.w
      value: 0.7071067
      objectReference: {fileID: 0}
    - target: {fileID: 4241351130557246, guid: fbc944adfbb42fa41b4f49ac0fae6b24, type: 3}
      propertyPath: m_RootOrder
      value: 16
      objectReference: {fileID: 0}
    - target: {fileID: 4241351130557246, guid: fbc944adfbb42fa41b4f49ac0fae6b24, type: 3}
      propertyPath: m_LocalEulerAnglesHint.x
      value: 0
      objectReference: {fileID: 0}
    - target: {fileID: 4241351130557246, guid: fbc944adfbb42fa41b4f49ac0fae6b24, type: 3}
      propertyPath: m_LocalEulerAnglesHint.y
      value: 0
      objectReference: {fileID: 0}
    - target: {fileID: 4241351130557246, guid: fbc944adfbb42fa41b4f49ac0fae6b24, type: 3}
      propertyPath: m_LocalEulerAnglesHint.z
      value: 0
      objectReference: {fileID: 0}
    - target: {fileID: 4241351130557246, guid: fbc944adfbb42fa41b4f49ac0fae6b24, type: 3}
      propertyPath: m_LocalScale.x
      value: 0.84586
      objectReference: {fileID: 0}
    - target: {fileID: 4241351130557246, guid: fbc944adfbb42fa41b4f49ac0fae6b24, type: 3}
      propertyPath: m_LocalScale.y
      value: 0.84586
      objectReference: {fileID: 0}
    - target: {fileID: 4241351130557246, guid: fbc944adfbb42fa41b4f49ac0fae6b24, type: 3}
      propertyPath: m_LocalScale.z
      value: 0.84586
      objectReference: {fileID: 0}
    m_RemovedComponents: []
  m_SourcePrefab: {fileID: 100100000, guid: fbc944adfbb42fa41b4f49ac0fae6b24, type: 3}
--- !u!4 &139770025505692585 stripped
Transform:
  m_CorrespondingSourceObject: {fileID: 4241351130557246, guid: fbc944adfbb42fa41b4f49ac0fae6b24,
    type: 3}
  m_PrefabInstance: {fileID: 143975986088816791}
  m_PrefabAsset: {fileID: 0}
--- !u!1001 &1069923653886563202
PrefabInstance:
  m_ObjectHideFlags: 0
  serializedVersion: 2
  m_Modification:
    m_TransformParent: {fileID: 4064374359327056}
    m_Modifications:
    - target: {fileID: 1208799567460092, guid: fbc944adfbb42fa41b4f49ac0fae6b24, type: 3}
      propertyPath: m_Name
      value: Scaffold_04 (10)
      objectReference: {fileID: 0}
    - target: {fileID: 4241351130557246, guid: fbc944adfbb42fa41b4f49ac0fae6b24, type: 3}
      propertyPath: m_LocalPosition.x
      value: -5.579
      objectReference: {fileID: 0}
    - target: {fileID: 4241351130557246, guid: fbc944adfbb42fa41b4f49ac0fae6b24, type: 3}
      propertyPath: m_LocalPosition.y
      value: 3.8054
      objectReference: {fileID: 0}
    - target: {fileID: 4241351130557246, guid: fbc944adfbb42fa41b4f49ac0fae6b24, type: 3}
      propertyPath: m_LocalPosition.z
      value: 8.932
      objectReference: {fileID: 0}
    - target: {fileID: 4241351130557246, guid: fbc944adfbb42fa41b4f49ac0fae6b24, type: 3}
      propertyPath: m_LocalRotation.x
      value: -0.7071068
      objectReference: {fileID: 0}
    - target: {fileID: 4241351130557246, guid: fbc944adfbb42fa41b4f49ac0fae6b24, type: 3}
      propertyPath: m_LocalRotation.y
      value: 0
      objectReference: {fileID: 0}
    - target: {fileID: 4241351130557246, guid: fbc944adfbb42fa41b4f49ac0fae6b24, type: 3}
      propertyPath: m_LocalRotation.z
      value: -0
      objectReference: {fileID: 0}
    - target: {fileID: 4241351130557246, guid: fbc944adfbb42fa41b4f49ac0fae6b24, type: 3}
      propertyPath: m_LocalRotation.w
      value: 0.7071067
      objectReference: {fileID: 0}
    - target: {fileID: 4241351130557246, guid: fbc944adfbb42fa41b4f49ac0fae6b24, type: 3}
      propertyPath: m_RootOrder
      value: 14
      objectReference: {fileID: 0}
    - target: {fileID: 4241351130557246, guid: fbc944adfbb42fa41b4f49ac0fae6b24, type: 3}
      propertyPath: m_LocalEulerAnglesHint.x
      value: 0
      objectReference: {fileID: 0}
    - target: {fileID: 4241351130557246, guid: fbc944adfbb42fa41b4f49ac0fae6b24, type: 3}
      propertyPath: m_LocalEulerAnglesHint.y
      value: 0
      objectReference: {fileID: 0}
    - target: {fileID: 4241351130557246, guid: fbc944adfbb42fa41b4f49ac0fae6b24, type: 3}
      propertyPath: m_LocalEulerAnglesHint.z
      value: 0
      objectReference: {fileID: 0}
    - target: {fileID: 4241351130557246, guid: fbc944adfbb42fa41b4f49ac0fae6b24, type: 3}
      propertyPath: m_LocalScale.x
      value: 0.84586
      objectReference: {fileID: 0}
    - target: {fileID: 4241351130557246, guid: fbc944adfbb42fa41b4f49ac0fae6b24, type: 3}
      propertyPath: m_LocalScale.y
      value: 0.84586
      objectReference: {fileID: 0}
    - target: {fileID: 4241351130557246, guid: fbc944adfbb42fa41b4f49ac0fae6b24, type: 3}
      propertyPath: m_LocalScale.z
      value: 0.84586
      objectReference: {fileID: 0}
    m_RemovedComponents: []
  m_SourcePrefab: {fileID: 100100000, guid: fbc944adfbb42fa41b4f49ac0fae6b24, type: 3}
--- !u!4 &1069095393040758972 stripped
Transform:
  m_CorrespondingSourceObject: {fileID: 4241351130557246, guid: fbc944adfbb42fa41b4f49ac0fae6b24,
    type: 3}
  m_PrefabInstance: {fileID: 1069923653886563202}
  m_PrefabAsset: {fileID: 0}
--- !u!1001 &1280186310437453058
PrefabInstance:
  m_ObjectHideFlags: 0
  serializedVersion: 2
  m_Modification:
    m_TransformParent: {fileID: 4064374359327056}
    m_Modifications:
    - target: {fileID: 1208799567460092, guid: fbc944adfbb42fa41b4f49ac0fae6b24, type: 3}
      propertyPath: m_Name
      value: Scaffold_04 (9)
      objectReference: {fileID: 0}
    - target: {fileID: 4241351130557246, guid: fbc944adfbb42fa41b4f49ac0fae6b24, type: 3}
      propertyPath: m_LocalPosition.x
      value: -4.748
      objectReference: {fileID: 0}
    - target: {fileID: 4241351130557246, guid: fbc944adfbb42fa41b4f49ac0fae6b24, type: 3}
      propertyPath: m_LocalPosition.y
      value: 3.8054
      objectReference: {fileID: 0}
    - target: {fileID: 4241351130557246, guid: fbc944adfbb42fa41b4f49ac0fae6b24, type: 3}
      propertyPath: m_LocalPosition.z
      value: 8.932
      objectReference: {fileID: 0}
    - target: {fileID: 4241351130557246, guid: fbc944adfbb42fa41b4f49ac0fae6b24, type: 3}
      propertyPath: m_LocalRotation.x
      value: -0.7071068
      objectReference: {fileID: 0}
    - target: {fileID: 4241351130557246, guid: fbc944adfbb42fa41b4f49ac0fae6b24, type: 3}
      propertyPath: m_LocalRotation.y
      value: 0
      objectReference: {fileID: 0}
    - target: {fileID: 4241351130557246, guid: fbc944adfbb42fa41b4f49ac0fae6b24, type: 3}
      propertyPath: m_LocalRotation.z
      value: -0
      objectReference: {fileID: 0}
    - target: {fileID: 4241351130557246, guid: fbc944adfbb42fa41b4f49ac0fae6b24, type: 3}
      propertyPath: m_LocalRotation.w
      value: 0.7071067
      objectReference: {fileID: 0}
    - target: {fileID: 4241351130557246, guid: fbc944adfbb42fa41b4f49ac0fae6b24, type: 3}
      propertyPath: m_RootOrder
      value: 13
      objectReference: {fileID: 0}
    - target: {fileID: 4241351130557246, guid: fbc944adfbb42fa41b4f49ac0fae6b24, type: 3}
      propertyPath: m_LocalEulerAnglesHint.x
      value: 0
      objectReference: {fileID: 0}
    - target: {fileID: 4241351130557246, guid: fbc944adfbb42fa41b4f49ac0fae6b24, type: 3}
      propertyPath: m_LocalEulerAnglesHint.y
      value: 0
      objectReference: {fileID: 0}
    - target: {fileID: 4241351130557246, guid: fbc944adfbb42fa41b4f49ac0fae6b24, type: 3}
      propertyPath: m_LocalEulerAnglesHint.z
      value: 0
      objectReference: {fileID: 0}
    - target: {fileID: 4241351130557246, guid: fbc944adfbb42fa41b4f49ac0fae6b24, type: 3}
      propertyPath: m_LocalScale.x
      value: 0.84586
      objectReference: {fileID: 0}
    - target: {fileID: 4241351130557246, guid: fbc944adfbb42fa41b4f49ac0fae6b24, type: 3}
      propertyPath: m_LocalScale.y
      value: 0.84586
      objectReference: {fileID: 0}
    - target: {fileID: 4241351130557246, guid: fbc944adfbb42fa41b4f49ac0fae6b24, type: 3}
      propertyPath: m_LocalScale.z
      value: 0.84586
      objectReference: {fileID: 0}
    m_RemovedComponents: []
  m_SourcePrefab: {fileID: 100100000, guid: fbc944adfbb42fa41b4f49ac0fae6b24, type: 3}
--- !u!4 &1282175513744381500 stripped
Transform:
  m_CorrespondingSourceObject: {fileID: 4241351130557246, guid: fbc944adfbb42fa41b4f49ac0fae6b24,
    type: 3}
  m_PrefabInstance: {fileID: 1280186310437453058}
  m_PrefabAsset: {fileID: 0}
--- !u!1001 &1351505597744783994
PrefabInstance:
  m_ObjectHideFlags: 0
  serializedVersion: 2
  m_Modification:
    m_TransformParent: {fileID: 4064374359327056}
    m_Modifications:
    - target: {fileID: 1208799567460092, guid: fbc944adfbb42fa41b4f49ac0fae6b24, type: 3}
      propertyPath: m_Name
      value: Scaffold_04 (3)
      objectReference: {fileID: 0}
    - target: {fileID: 4241351130557246, guid: fbc944adfbb42fa41b4f49ac0fae6b24, type: 3}
      propertyPath: m_LocalPosition.x
      value: -0.83085996
      objectReference: {fileID: 0}
    - target: {fileID: 4241351130557246, guid: fbc944adfbb42fa41b4f49ac0fae6b24, type: 3}
      propertyPath: m_LocalPosition.y
      value: 3.8054
      objectReference: {fileID: 0}
    - target: {fileID: 4241351130557246, guid: fbc944adfbb42fa41b4f49ac0fae6b24, type: 3}
      propertyPath: m_LocalPosition.z
      value: 9.1666
      objectReference: {fileID: 0}
    - target: {fileID: 4241351130557246, guid: fbc944adfbb42fa41b4f49ac0fae6b24, type: 3}
      propertyPath: m_LocalRotation.x
      value: -0.7071068
      objectReference: {fileID: 0}
    - target: {fileID: 4241351130557246, guid: fbc944adfbb42fa41b4f49ac0fae6b24, type: 3}
      propertyPath: m_LocalRotation.y
      value: 0
      objectReference: {fileID: 0}
    - target: {fileID: 4241351130557246, guid: fbc944adfbb42fa41b4f49ac0fae6b24, type: 3}
      propertyPath: m_LocalRotation.z
      value: -0
      objectReference: {fileID: 0}
    - target: {fileID: 4241351130557246, guid: fbc944adfbb42fa41b4f49ac0fae6b24, type: 3}
      propertyPath: m_LocalRotation.w
      value: 0.7071067
      objectReference: {fileID: 0}
    - target: {fileID: 4241351130557246, guid: fbc944adfbb42fa41b4f49ac0fae6b24, type: 3}
      propertyPath: m_RootOrder
      value: 7
      objectReference: {fileID: 0}
    - target: {fileID: 4241351130557246, guid: fbc944adfbb42fa41b4f49ac0fae6b24, type: 3}
      propertyPath: m_LocalEulerAnglesHint.x
      value: 0
      objectReference: {fileID: 0}
    - target: {fileID: 4241351130557246, guid: fbc944adfbb42fa41b4f49ac0fae6b24, type: 3}
      propertyPath: m_LocalEulerAnglesHint.y
      value: 0
      objectReference: {fileID: 0}
    - target: {fileID: 4241351130557246, guid: fbc944adfbb42fa41b4f49ac0fae6b24, type: 3}
      propertyPath: m_LocalEulerAnglesHint.z
      value: 0
      objectReference: {fileID: 0}
    - target: {fileID: 4241351130557246, guid: fbc944adfbb42fa41b4f49ac0fae6b24, type: 3}
      propertyPath: m_LocalScale.x
      value: 0.84586
      objectReference: {fileID: 0}
    - target: {fileID: 4241351130557246, guid: fbc944adfbb42fa41b4f49ac0fae6b24, type: 3}
      propertyPath: m_LocalScale.y
      value: 0.84586
      objectReference: {fileID: 0}
    - target: {fileID: 4241351130557246, guid: fbc944adfbb42fa41b4f49ac0fae6b24, type: 3}
      propertyPath: m_LocalScale.z
      value: 0.84586
      objectReference: {fileID: 0}
    m_RemovedComponents: []
  m_SourcePrefab: {fileID: 100100000, guid: fbc944adfbb42fa41b4f49ac0fae6b24, type: 3}
--- !u!4 &1355181421891062084 stripped
Transform:
  m_CorrespondingSourceObject: {fileID: 4241351130557246, guid: fbc944adfbb42fa41b4f49ac0fae6b24,
    type: 3}
  m_PrefabInstance: {fileID: 1351505597744783994}
  m_PrefabAsset: {fileID: 0}
--- !u!1001 &3290366976064937601
PrefabInstance:
  m_ObjectHideFlags: 0
  serializedVersion: 2
  m_Modification:
    m_TransformParent: {fileID: 4064374359327056}
    m_Modifications:
    - target: {fileID: 1208799567460092, guid: fbc944adfbb42fa41b4f49ac0fae6b24, type: 3}
      propertyPath: m_Name
      value: Scaffold_04 (7)
      objectReference: {fileID: 0}
    - target: {fileID: 4241351130557246, guid: fbc944adfbb42fa41b4f49ac0fae6b24, type: 3}
      propertyPath: m_LocalPosition.x
      value: -4.20814
      objectReference: {fileID: 0}
    - target: {fileID: 4241351130557246, guid: fbc944adfbb42fa41b4f49ac0fae6b24, type: 3}
      propertyPath: m_LocalPosition.y
      value: 3.8054
      objectReference: {fileID: 0}
    - target: {fileID: 4241351130557246, guid: fbc944adfbb42fa41b4f49ac0fae6b24, type: 3}
      propertyPath: m_LocalPosition.z
      value: 9.1666
      objectReference: {fileID: 0}
    - target: {fileID: 4241351130557246, guid: fbc944adfbb42fa41b4f49ac0fae6b24, type: 3}
      propertyPath: m_LocalRotation.x
      value: -0.7071068
      objectReference: {fileID: 0}
    - target: {fileID: 4241351130557246, guid: fbc944adfbb42fa41b4f49ac0fae6b24, type: 3}
      propertyPath: m_LocalRotation.y
      value: 0
      objectReference: {fileID: 0}
    - target: {fileID: 4241351130557246, guid: fbc944adfbb42fa41b4f49ac0fae6b24, type: 3}
      propertyPath: m_LocalRotation.z
      value: -0
      objectReference: {fileID: 0}
    - target: {fileID: 4241351130557246, guid: fbc944adfbb42fa41b4f49ac0fae6b24, type: 3}
      propertyPath: m_LocalRotation.w
      value: 0.7071067
      objectReference: {fileID: 0}
    - target: {fileID: 4241351130557246, guid: fbc944adfbb42fa41b4f49ac0fae6b24, type: 3}
      propertyPath: m_RootOrder
      value: 11
      objectReference: {fileID: 0}
    - target: {fileID: 4241351130557246, guid: fbc944adfbb42fa41b4f49ac0fae6b24, type: 3}
      propertyPath: m_LocalEulerAnglesHint.x
      value: 0
      objectReference: {fileID: 0}
    - target: {fileID: 4241351130557246, guid: fbc944adfbb42fa41b4f49ac0fae6b24, type: 3}
      propertyPath: m_LocalEulerAnglesHint.y
      value: 0
      objectReference: {fileID: 0}
    - target: {fileID: 4241351130557246, guid: fbc944adfbb42fa41b4f49ac0fae6b24, type: 3}
      propertyPath: m_LocalEulerAnglesHint.z
      value: 0
      objectReference: {fileID: 0}
    - target: {fileID: 4241351130557246, guid: fbc944adfbb42fa41b4f49ac0fae6b24, type: 3}
      propertyPath: m_LocalScale.x
      value: 0.84586
      objectReference: {fileID: 0}
    - target: {fileID: 4241351130557246, guid: fbc944adfbb42fa41b4f49ac0fae6b24, type: 3}
      propertyPath: m_LocalScale.y
      value: 0.84586
      objectReference: {fileID: 0}
    - target: {fileID: 4241351130557246, guid: fbc944adfbb42fa41b4f49ac0fae6b24, type: 3}
      propertyPath: m_LocalScale.z
      value: 0.84586
      objectReference: {fileID: 0}
    m_RemovedComponents: []
  m_SourcePrefab: {fileID: 100100000, guid: fbc944adfbb42fa41b4f49ac0fae6b24, type: 3}
--- !u!4 &3289503668336326079 stripped
Transform:
  m_CorrespondingSourceObject: {fileID: 4241351130557246, guid: fbc944adfbb42fa41b4f49ac0fae6b24,
    type: 3}
  m_PrefabInstance: {fileID: 3290366976064937601}
  m_PrefabAsset: {fileID: 0}
--- !u!1001 &6070357019944828775
PrefabInstance:
  m_ObjectHideFlags: 0
  serializedVersion: 2
  m_Modification:
    m_TransformParent: {fileID: 4064374359327056}
    m_Modifications:
    - target: {fileID: 1208799567460092, guid: fbc944adfbb42fa41b4f49ac0fae6b24, type: 3}
      propertyPath: m_Name
      value: Scaffold_04 (5)
      objectReference: {fileID: 0}
    - target: {fileID: 4241351130557246, guid: fbc944adfbb42fa41b4f49ac0fae6b24, type: 3}
      propertyPath: m_LocalPosition.x
      value: -2.5272799
      objectReference: {fileID: 0}
    - target: {fileID: 4241351130557246, guid: fbc944adfbb42fa41b4f49ac0fae6b24, type: 3}
      propertyPath: m_LocalPosition.y
      value: 3.8054
      objectReference: {fileID: 0}
    - target: {fileID: 4241351130557246, guid: fbc944adfbb42fa41b4f49ac0fae6b24, type: 3}
      propertyPath: m_LocalPosition.z
      value: 9.1666
      objectReference: {fileID: 0}
    - target: {fileID: 4241351130557246, guid: fbc944adfbb42fa41b4f49ac0fae6b24, type: 3}
      propertyPath: m_LocalRotation.x
      value: -0.7071068
      objectReference: {fileID: 0}
    - target: {fileID: 4241351130557246, guid: fbc944adfbb42fa41b4f49ac0fae6b24, type: 3}
      propertyPath: m_LocalRotation.y
      value: 0
      objectReference: {fileID: 0}
    - target: {fileID: 4241351130557246, guid: fbc944adfbb42fa41b4f49ac0fae6b24, type: 3}
      propertyPath: m_LocalRotation.z
      value: -0
      objectReference: {fileID: 0}
    - target: {fileID: 4241351130557246, guid: fbc944adfbb42fa41b4f49ac0fae6b24, type: 3}
      propertyPath: m_LocalRotation.w
      value: 0.7071067
      objectReference: {fileID: 0}
    - target: {fileID: 4241351130557246, guid: fbc944adfbb42fa41b4f49ac0fae6b24, type: 3}
      propertyPath: m_RootOrder
      value: 9
      objectReference: {fileID: 0}
    - target: {fileID: 4241351130557246, guid: fbc944adfbb42fa41b4f49ac0fae6b24, type: 3}
      propertyPath: m_LocalEulerAnglesHint.x
      value: 0
      objectReference: {fileID: 0}
    - target: {fileID: 4241351130557246, guid: fbc944adfbb42fa41b4f49ac0fae6b24, type: 3}
      propertyPath: m_LocalEulerAnglesHint.y
      value: 0
      objectReference: {fileID: 0}
    - target: {fileID: 4241351130557246, guid: fbc944adfbb42fa41b4f49ac0fae6b24, type: 3}
      propertyPath: m_LocalEulerAnglesHint.z
      value: 0
      objectReference: {fileID: 0}
    - target: {fileID: 4241351130557246, guid: fbc944adfbb42fa41b4f49ac0fae6b24, type: 3}
      propertyPath: m_LocalScale.x
      value: 0.84586
      objectReference: {fileID: 0}
    - target: {fileID: 4241351130557246, guid: fbc944adfbb42fa41b4f49ac0fae6b24, type: 3}
      propertyPath: m_LocalScale.y
      value: 0.84586
      objectReference: {fileID: 0}
    - target: {fileID: 4241351130557246, guid: fbc944adfbb42fa41b4f49ac0fae6b24, type: 3}
      propertyPath: m_LocalScale.z
      value: 0.84586
      objectReference: {fileID: 0}
    m_RemovedComponents: []
  m_SourcePrefab: {fileID: 100100000, guid: fbc944adfbb42fa41b4f49ac0fae6b24, type: 3}
--- !u!4 &6066679585202574425 stripped
Transform:
  m_CorrespondingSourceObject: {fileID: 4241351130557246, guid: fbc944adfbb42fa41b4f49ac0fae6b24,
    type: 3}
  m_PrefabInstance: {fileID: 6070357019944828775}
  m_PrefabAsset: {fileID: 0}
--- !u!1001 &6547189531473479707
PrefabInstance:
  m_ObjectHideFlags: 0
  serializedVersion: 2
  m_Modification:
    m_TransformParent: {fileID: 4064374359327056}
    m_Modifications:
    - target: {fileID: 1208799567460092, guid: fbc944adfbb42fa41b4f49ac0fae6b24, type: 3}
      propertyPath: m_Name
      value: Scaffold_04
      objectReference: {fileID: 0}
    - target: {fileID: 4241351130557246, guid: fbc944adfbb42fa41b4f49ac0fae6b24, type: 3}
      propertyPath: m_LocalPosition.x
      value: 0
      objectReference: {fileID: 0}
    - target: {fileID: 4241351130557246, guid: fbc944adfbb42fa41b4f49ac0fae6b24, type: 3}
      propertyPath: m_LocalPosition.y
      value: 3.8054
      objectReference: {fileID: 0}
    - target: {fileID: 4241351130557246, guid: fbc944adfbb42fa41b4f49ac0fae6b24, type: 3}
      propertyPath: m_LocalPosition.z
      value: 9.1666
      objectReference: {fileID: 0}
    - target: {fileID: 4241351130557246, guid: fbc944adfbb42fa41b4f49ac0fae6b24, type: 3}
      propertyPath: m_LocalRotation.x
      value: -0.7071068
      objectReference: {fileID: 0}
    - target: {fileID: 4241351130557246, guid: fbc944adfbb42fa41b4f49ac0fae6b24, type: 3}
      propertyPath: m_LocalRotation.y
      value: 0
      objectReference: {fileID: 0}
    - target: {fileID: 4241351130557246, guid: fbc944adfbb42fa41b4f49ac0fae6b24, type: 3}
      propertyPath: m_LocalRotation.z
      value: -0
      objectReference: {fileID: 0}
    - target: {fileID: 4241351130557246, guid: fbc944adfbb42fa41b4f49ac0fae6b24, type: 3}
      propertyPath: m_LocalRotation.w
      value: 0.7071067
      objectReference: {fileID: 0}
    - target: {fileID: 4241351130557246, guid: fbc944adfbb42fa41b4f49ac0fae6b24, type: 3}
      propertyPath: m_RootOrder
      value: 4
      objectReference: {fileID: 0}
    - target: {fileID: 4241351130557246, guid: fbc944adfbb42fa41b4f49ac0fae6b24, type: 3}
      propertyPath: m_LocalEulerAnglesHint.x
      value: 0
      objectReference: {fileID: 0}
    - target: {fileID: 4241351130557246, guid: fbc944adfbb42fa41b4f49ac0fae6b24, type: 3}
      propertyPath: m_LocalEulerAnglesHint.y
      value: 0
      objectReference: {fileID: 0}
    - target: {fileID: 4241351130557246, guid: fbc944adfbb42fa41b4f49ac0fae6b24, type: 3}
      propertyPath: m_LocalEulerAnglesHint.z
      value: 0
      objectReference: {fileID: 0}
    - target: {fileID: 4241351130557246, guid: fbc944adfbb42fa41b4f49ac0fae6b24, type: 3}
      propertyPath: m_LocalScale.x
      value: 0.84586
      objectReference: {fileID: 0}
    - target: {fileID: 4241351130557246, guid: fbc944adfbb42fa41b4f49ac0fae6b24, type: 3}
      propertyPath: m_LocalScale.y
      value: 0.84586
      objectReference: {fileID: 0}
    - target: {fileID: 4241351130557246, guid: fbc944adfbb42fa41b4f49ac0fae6b24, type: 3}
      propertyPath: m_LocalScale.z
      value: 0.84586
      objectReference: {fileID: 0}
    m_RemovedComponents: []
  m_SourcePrefab: {fileID: 100100000, guid: fbc944adfbb42fa41b4f49ac0fae6b24, type: 3}
--- !u!4 &6544675066534372133 stripped
Transform:
  m_CorrespondingSourceObject: {fileID: 4241351130557246, guid: fbc944adfbb42fa41b4f49ac0fae6b24,
    type: 3}
  m_PrefabInstance: {fileID: 6547189531473479707}
  m_PrefabAsset: {fileID: 0}
--- !u!1001 &6776209744569344300
PrefabInstance:
  m_ObjectHideFlags: 0
  serializedVersion: 2
  m_Modification:
    m_TransformParent: {fileID: 4064374359327056}
    m_Modifications:
    - target: {fileID: 1208799567460092, guid: fbc944adfbb42fa41b4f49ac0fae6b24, type: 3}
      propertyPath: m_Name
      value: Scaffold_04 (1)
      objectReference: {fileID: 0}
    - target: {fileID: 4241351130557246, guid: fbc944adfbb42fa41b4f49ac0fae6b24, type: 3}
      propertyPath: m_LocalPosition.x
      value: 0.85
      objectReference: {fileID: 0}
    - target: {fileID: 4241351130557246, guid: fbc944adfbb42fa41b4f49ac0fae6b24, type: 3}
      propertyPath: m_LocalPosition.y
      value: 3.8054
      objectReference: {fileID: 0}
    - target: {fileID: 4241351130557246, guid: fbc944adfbb42fa41b4f49ac0fae6b24, type: 3}
      propertyPath: m_LocalPosition.z
      value: 9.1666
      objectReference: {fileID: 0}
    - target: {fileID: 4241351130557246, guid: fbc944adfbb42fa41b4f49ac0fae6b24, type: 3}
      propertyPath: m_LocalRotation.x
      value: -0.7071068
      objectReference: {fileID: 0}
    - target: {fileID: 4241351130557246, guid: fbc944adfbb42fa41b4f49ac0fae6b24, type: 3}
      propertyPath: m_LocalRotation.y
      value: 0
      objectReference: {fileID: 0}
    - target: {fileID: 4241351130557246, guid: fbc944adfbb42fa41b4f49ac0fae6b24, type: 3}
      propertyPath: m_LocalRotation.z
      value: -0
      objectReference: {fileID: 0}
    - target: {fileID: 4241351130557246, guid: fbc944adfbb42fa41b4f49ac0fae6b24, type: 3}
      propertyPath: m_LocalRotation.w
      value: 0.7071067
      objectReference: {fileID: 0}
    - target: {fileID: 4241351130557246, guid: fbc944adfbb42fa41b4f49ac0fae6b24, type: 3}
      propertyPath: m_RootOrder
      value: 5
      objectReference: {fileID: 0}
    - target: {fileID: 4241351130557246, guid: fbc944adfbb42fa41b4f49ac0fae6b24, type: 3}
      propertyPath: m_LocalEulerAnglesHint.x
      value: 0
      objectReference: {fileID: 0}
    - target: {fileID: 4241351130557246, guid: fbc944adfbb42fa41b4f49ac0fae6b24, type: 3}
      propertyPath: m_LocalEulerAnglesHint.y
      value: 0
      objectReference: {fileID: 0}
    - target: {fileID: 4241351130557246, guid: fbc944adfbb42fa41b4f49ac0fae6b24, type: 3}
      propertyPath: m_LocalEulerAnglesHint.z
      value: 0
      objectReference: {fileID: 0}
    - target: {fileID: 4241351130557246, guid: fbc944adfbb42fa41b4f49ac0fae6b24, type: 3}
      propertyPath: m_LocalScale.x
      value: 0.84586
      objectReference: {fileID: 0}
    - target: {fileID: 4241351130557246, guid: fbc944adfbb42fa41b4f49ac0fae6b24, type: 3}
      propertyPath: m_LocalScale.y
      value: 0.84586
      objectReference: {fileID: 0}
    - target: {fileID: 4241351130557246, guid: fbc944adfbb42fa41b4f49ac0fae6b24, type: 3}
      propertyPath: m_LocalScale.z
      value: 0.84586
      objectReference: {fileID: 0}
    m_RemovedComponents: []
  m_SourcePrefab: {fileID: 100100000, guid: fbc944adfbb42fa41b4f49ac0fae6b24, type: 3}
--- !u!4 &6775383755828333074 stripped
Transform:
  m_CorrespondingSourceObject: {fileID: 4241351130557246, guid: fbc944adfbb42fa41b4f49ac0fae6b24,
    type: 3}
  m_PrefabInstance: {fileID: 6776209744569344300}
  m_PrefabAsset: {fileID: 0}
--- !u!1001 &6903643931890543951
PrefabInstance:
  m_ObjectHideFlags: 0
  serializedVersion: 2
  m_Modification:
    m_TransformParent: {fileID: 4064374359327056}
    m_Modifications:
    - target: {fileID: 1208799567460092, guid: fbc944adfbb42fa41b4f49ac0fae6b24, type: 3}
      propertyPath: m_Name
      value: Scaffold_04 (8)
      objectReference: {fileID: 0}
    - target: {fileID: 4241351130557246, guid: fbc944adfbb42fa41b4f49ac0fae6b24, type: 3}
      propertyPath: m_LocalPosition.x
      value: -5.89
      objectReference: {fileID: 0}
    - target: {fileID: 4241351130557246, guid: fbc944adfbb42fa41b4f49ac0fae6b24, type: 3}
      propertyPath: m_LocalPosition.y
      value: 3.8054
      objectReference: {fileID: 0}
    - target: {fileID: 4241351130557246, guid: fbc944adfbb42fa41b4f49ac0fae6b24, type: 3}
      propertyPath: m_LocalPosition.z
      value: 9.1666
      objectReference: {fileID: 0}
    - target: {fileID: 4241351130557246, guid: fbc944adfbb42fa41b4f49ac0fae6b24, type: 3}
      propertyPath: m_LocalRotation.x
      value: -0.7071068
      objectReference: {fileID: 0}
    - target: {fileID: 4241351130557246, guid: fbc944adfbb42fa41b4f49ac0fae6b24, type: 3}
      propertyPath: m_LocalRotation.y
      value: 0
      objectReference: {fileID: 0}
    - target: {fileID: 4241351130557246, guid: fbc944adfbb42fa41b4f49ac0fae6b24, type: 3}
      propertyPath: m_LocalRotation.z
      value: -0
      objectReference: {fileID: 0}
    - target: {fileID: 4241351130557246, guid: fbc944adfbb42fa41b4f49ac0fae6b24, type: 3}
      propertyPath: m_LocalRotation.w
      value: 0.7071067
      objectReference: {fileID: 0}
    - target: {fileID: 4241351130557246, guid: fbc944adfbb42fa41b4f49ac0fae6b24, type: 3}
      propertyPath: m_RootOrder
      value: 12
      objectReference: {fileID: 0}
    - target: {fileID: 4241351130557246, guid: fbc944adfbb42fa41b4f49ac0fae6b24, type: 3}
      propertyPath: m_LocalEulerAnglesHint.x
      value: 0
      objectReference: {fileID: 0}
    - target: {fileID: 4241351130557246, guid: fbc944adfbb42fa41b4f49ac0fae6b24, type: 3}
      propertyPath: m_LocalEulerAnglesHint.y
      value: 0
      objectReference: {fileID: 0}
    - target: {fileID: 4241351130557246, guid: fbc944adfbb42fa41b4f49ac0fae6b24, type: 3}
      propertyPath: m_LocalEulerAnglesHint.z
      value: 0
      objectReference: {fileID: 0}
    - target: {fileID: 4241351130557246, guid: fbc944adfbb42fa41b4f49ac0fae6b24, type: 3}
      propertyPath: m_LocalScale.x
      value: 0.84586
      objectReference: {fileID: 0}
    - target: {fileID: 4241351130557246, guid: fbc944adfbb42fa41b4f49ac0fae6b24, type: 3}
      propertyPath: m_LocalScale.y
      value: 0.84586
      objectReference: {fileID: 0}
    - target: {fileID: 4241351130557246, guid: fbc944adfbb42fa41b4f49ac0fae6b24, type: 3}
      propertyPath: m_LocalScale.z
      value: 0.84586
      objectReference: {fileID: 0}
    m_RemovedComponents: []
  m_SourcePrefab: {fileID: 100100000, guid: fbc944adfbb42fa41b4f49ac0fae6b24, type: 3}
--- !u!4 &6900001612851103345 stripped
Transform:
  m_CorrespondingSourceObject: {fileID: 4241351130557246, guid: fbc944adfbb42fa41b4f49ac0fae6b24,
    type: 3}
  m_PrefabInstance: {fileID: 6903643931890543951}
  m_PrefabAsset: {fileID: 0}
--- !u!1001 &7107771690894395328
PrefabInstance:
  m_ObjectHideFlags: 0
  serializedVersion: 2
  m_Modification:
    m_TransformParent: {fileID: 4064374359327056}
    m_Modifications:
    - target: {fileID: 1208799567460092, guid: fbc944adfbb42fa41b4f49ac0fae6b24, type: 3}
      propertyPath: m_Name
      value: Scaffold_04 (11)
      objectReference: {fileID: 0}
    - target: {fileID: 4241351130557246, guid: fbc944adfbb42fa41b4f49ac0fae6b24, type: 3}
      propertyPath: m_LocalPosition.x
      value: 1.2519999
      objectReference: {fileID: 0}
    - target: {fileID: 4241351130557246, guid: fbc944adfbb42fa41b4f49ac0fae6b24, type: 3}
      propertyPath: m_LocalPosition.y
      value: 3.8054
      objectReference: {fileID: 0}
    - target: {fileID: 4241351130557246, guid: fbc944adfbb42fa41b4f49ac0fae6b24, type: 3}
      propertyPath: m_LocalPosition.z
      value: 8.932
      objectReference: {fileID: 0}
    - target: {fileID: 4241351130557246, guid: fbc944adfbb42fa41b4f49ac0fae6b24, type: 3}
      propertyPath: m_LocalRotation.x
      value: -0.7071068
      objectReference: {fileID: 0}
    - target: {fileID: 4241351130557246, guid: fbc944adfbb42fa41b4f49ac0fae6b24, type: 3}
      propertyPath: m_LocalRotation.y
      value: 0
      objectReference: {fileID: 0}
    - target: {fileID: 4241351130557246, guid: fbc944adfbb42fa41b4f49ac0fae6b24, type: 3}
      propertyPath: m_LocalRotation.z
      value: -0
      objectReference: {fileID: 0}
    - target: {fileID: 4241351130557246, guid: fbc944adfbb42fa41b4f49ac0fae6b24, type: 3}
      propertyPath: m_LocalRotation.w
      value: 0.7071067
      objectReference: {fileID: 0}
    - target: {fileID: 4241351130557246, guid: fbc944adfbb42fa41b4f49ac0fae6b24, type: 3}
      propertyPath: m_RootOrder
      value: 15
      objectReference: {fileID: 0}
    - target: {fileID: 4241351130557246, guid: fbc944adfbb42fa41b4f49ac0fae6b24, type: 3}
      propertyPath: m_LocalEulerAnglesHint.x
      value: 0
      objectReference: {fileID: 0}
    - target: {fileID: 4241351130557246, guid: fbc944adfbb42fa41b4f49ac0fae6b24, type: 3}
      propertyPath: m_LocalEulerAnglesHint.y
      value: 0
      objectReference: {fileID: 0}
    - target: {fileID: 4241351130557246, guid: fbc944adfbb42fa41b4f49ac0fae6b24, type: 3}
      propertyPath: m_LocalEulerAnglesHint.z
      value: 0
      objectReference: {fileID: 0}
    - target: {fileID: 4241351130557246, guid: fbc944adfbb42fa41b4f49ac0fae6b24, type: 3}
      propertyPath: m_LocalScale.x
      value: 0.84586
      objectReference: {fileID: 0}
    - target: {fileID: 4241351130557246, guid: fbc944adfbb42fa41b4f49ac0fae6b24, type: 3}
      propertyPath: m_LocalScale.y
      value: 0.84586
      objectReference: {fileID: 0}
    - target: {fileID: 4241351130557246, guid: fbc944adfbb42fa41b4f49ac0fae6b24, type: 3}
      propertyPath: m_LocalScale.z
      value: 0.84586
      objectReference: {fileID: 0}
    m_RemovedComponents: []
  m_SourcePrefab: {fileID: 100100000, guid: fbc944adfbb42fa41b4f49ac0fae6b24, type: 3}
--- !u!4 &7110323775552859390 stripped
Transform:
  m_CorrespondingSourceObject: {fileID: 4241351130557246, guid: fbc944adfbb42fa41b4f49ac0fae6b24,
    type: 3}
  m_PrefabInstance: {fileID: 7107771690894395328}
  m_PrefabAsset: {fileID: 0}
--- !u!1001 &8021193073289942845
PrefabInstance:
  m_ObjectHideFlags: 0
  serializedVersion: 2
  m_Modification:
    m_TransformParent: {fileID: 4064374359327056}
    m_Modifications:
    - target: {fileID: 1208799567460092, guid: fbc944adfbb42fa41b4f49ac0fae6b24, type: 3}
      propertyPath: m_Name
      value: Scaffold_04 (2)
      objectReference: {fileID: 0}
    - target: {fileID: 4241351130557246, guid: fbc944adfbb42fa41b4f49ac0fae6b24, type: 3}
      propertyPath: m_LocalPosition.x
      value: -1.67672
      objectReference: {fileID: 0}
    - target: {fileID: 4241351130557246, guid: fbc944adfbb42fa41b4f49ac0fae6b24, type: 3}
      propertyPath: m_LocalPosition.y
      value: 3.8054
      objectReference: {fileID: 0}
    - target: {fileID: 4241351130557246, guid: fbc944adfbb42fa41b4f49ac0fae6b24, type: 3}
      propertyPath: m_LocalPosition.z
      value: 9.1666
      objectReference: {fileID: 0}
    - target: {fileID: 4241351130557246, guid: fbc944adfbb42fa41b4f49ac0fae6b24, type: 3}
      propertyPath: m_LocalRotation.x
      value: -0.7071068
      objectReference: {fileID: 0}
    - target: {fileID: 4241351130557246, guid: fbc944adfbb42fa41b4f49ac0fae6b24, type: 3}
      propertyPath: m_LocalRotation.y
      value: 0
      objectReference: {fileID: 0}
    - target: {fileID: 4241351130557246, guid: fbc944adfbb42fa41b4f49ac0fae6b24, type: 3}
      propertyPath: m_LocalRotation.z
      value: -0
      objectReference: {fileID: 0}
    - target: {fileID: 4241351130557246, guid: fbc944adfbb42fa41b4f49ac0fae6b24, type: 3}
      propertyPath: m_LocalRotation.w
      value: 0.7071067
      objectReference: {fileID: 0}
    - target: {fileID: 4241351130557246, guid: fbc944adfbb42fa41b4f49ac0fae6b24, type: 3}
      propertyPath: m_RootOrder
      value: 6
      objectReference: {fileID: 0}
    - target: {fileID: 4241351130557246, guid: fbc944adfbb42fa41b4f49ac0fae6b24, type: 3}
      propertyPath: m_LocalEulerAnglesHint.x
      value: 0
      objectReference: {fileID: 0}
    - target: {fileID: 4241351130557246, guid: fbc944adfbb42fa41b4f49ac0fae6b24, type: 3}
      propertyPath: m_LocalEulerAnglesHint.y
      value: 0
      objectReference: {fileID: 0}
    - target: {fileID: 4241351130557246, guid: fbc944adfbb42fa41b4f49ac0fae6b24, type: 3}
      propertyPath: m_LocalEulerAnglesHint.z
      value: 0
      objectReference: {fileID: 0}
    - target: {fileID: 4241351130557246, guid: fbc944adfbb42fa41b4f49ac0fae6b24, type: 3}
      propertyPath: m_LocalScale.x
      value: 0.84586
      objectReference: {fileID: 0}
    - target: {fileID: 4241351130557246, guid: fbc944adfbb42fa41b4f49ac0fae6b24, type: 3}
      propertyPath: m_LocalScale.y
      value: 0.84586
      objectReference: {fileID: 0}
    - target: {fileID: 4241351130557246, guid: fbc944adfbb42fa41b4f49ac0fae6b24, type: 3}
      propertyPath: m_LocalScale.z
      value: 0.84586
      objectReference: {fileID: 0}
    m_RemovedComponents: []
  m_SourcePrefab: {fileID: 100100000, guid: fbc944adfbb42fa41b4f49ac0fae6b24, type: 3}
--- !u!4 &8024871268308515843 stripped
Transform:
  m_CorrespondingSourceObject: {fileID: 4241351130557246, guid: fbc944adfbb42fa41b4f49ac0fae6b24,
    type: 3}
  m_PrefabInstance: {fileID: 8021193073289942845}
  m_PrefabAsset: {fileID: 0}
--- !u!1001 &8202299156747583729
PrefabInstance:
  m_ObjectHideFlags: 0
  serializedVersion: 2
  m_Modification:
    m_TransformParent: {fileID: 4064374359327056}
    m_Modifications:
    - target: {fileID: 1208799567460092, guid: fbc944adfbb42fa41b4f49ac0fae6b24, type: 3}
      propertyPath: m_Name
      value: Scaffold_04 (4)
      objectReference: {fileID: 0}
    - target: {fileID: 4241351130557246, guid: fbc944adfbb42fa41b4f49ac0fae6b24, type: 3}
      propertyPath: m_LocalPosition.x
      value: -3.3731399
      objectReference: {fileID: 0}
    - target: {fileID: 4241351130557246, guid: fbc944adfbb42fa41b4f49ac0fae6b24, type: 3}
      propertyPath: m_LocalPosition.y
      value: 3.8054
      objectReference: {fileID: 0}
    - target: {fileID: 4241351130557246, guid: fbc944adfbb42fa41b4f49ac0fae6b24, type: 3}
      propertyPath: m_LocalPosition.z
      value: 9.1666
      objectReference: {fileID: 0}
    - target: {fileID: 4241351130557246, guid: fbc944adfbb42fa41b4f49ac0fae6b24, type: 3}
      propertyPath: m_LocalRotation.x
      value: -0.7071068
      objectReference: {fileID: 0}
    - target: {fileID: 4241351130557246, guid: fbc944adfbb42fa41b4f49ac0fae6b24, type: 3}
      propertyPath: m_LocalRotation.y
      value: 0
      objectReference: {fileID: 0}
    - target: {fileID: 4241351130557246, guid: fbc944adfbb42fa41b4f49ac0fae6b24, type: 3}
      propertyPath: m_LocalRotation.z
      value: -0
      objectReference: {fileID: 0}
    - target: {fileID: 4241351130557246, guid: fbc944adfbb42fa41b4f49ac0fae6b24, type: 3}
      propertyPath: m_LocalRotation.w
      value: 0.7071067
      objectReference: {fileID: 0}
    - target: {fileID: 4241351130557246, guid: fbc944adfbb42fa41b4f49ac0fae6b24, type: 3}
      propertyPath: m_RootOrder
      value: 8
      objectReference: {fileID: 0}
    - target: {fileID: 4241351130557246, guid: fbc944adfbb42fa41b4f49ac0fae6b24, type: 3}
      propertyPath: m_LocalEulerAnglesHint.x
      value: 0
      objectReference: {fileID: 0}
    - target: {fileID: 4241351130557246, guid: fbc944adfbb42fa41b4f49ac0fae6b24, type: 3}
      propertyPath: m_LocalEulerAnglesHint.y
      value: 0
      objectReference: {fileID: 0}
    - target: {fileID: 4241351130557246, guid: fbc944adfbb42fa41b4f49ac0fae6b24, type: 3}
      propertyPath: m_LocalEulerAnglesHint.z
      value: 0
      objectReference: {fileID: 0}
    - target: {fileID: 4241351130557246, guid: fbc944adfbb42fa41b4f49ac0fae6b24, type: 3}
      propertyPath: m_LocalScale.x
      value: 0.84586
      objectReference: {fileID: 0}
    - target: {fileID: 4241351130557246, guid: fbc944adfbb42fa41b4f49ac0fae6b24, type: 3}
      propertyPath: m_LocalScale.y
      value: 0.84586
      objectReference: {fileID: 0}
    - target: {fileID: 4241351130557246, guid: fbc944adfbb42fa41b4f49ac0fae6b24, type: 3}
      propertyPath: m_LocalScale.z
      value: 0.84586
      objectReference: {fileID: 0}
    m_RemovedComponents: []
  m_SourcePrefab: {fileID: 100100000, guid: fbc944adfbb42fa41b4f49ac0fae6b24, type: 3}
--- !u!4 &8204286234062498767 stripped
Transform:
  m_CorrespondingSourceObject: {fileID: 4241351130557246, guid: fbc944adfbb42fa41b4f49ac0fae6b24,
    type: 3}
  m_PrefabInstance: {fileID: 8202299156747583729}
  m_PrefabAsset: {fileID: 0}
--- !u!1001 &8919335766738216350
PrefabInstance:
  m_ObjectHideFlags: 0
  serializedVersion: 2
  m_Modification:
    m_TransformParent: {fileID: 4064374359327056}
    m_Modifications:
    - target: {fileID: 1208799567460092, guid: fbc944adfbb42fa41b4f49ac0fae6b24, type: 3}
      propertyPath: m_Name
      value: Scaffold_04 (6)
      objectReference: {fileID: 0}
    - target: {fileID: 4241351130557246, guid: fbc944adfbb42fa41b4f49ac0fae6b24, type: 3}
      propertyPath: m_LocalPosition.x
      value: -5.054
      objectReference: {fileID: 0}
    - target: {fileID: 4241351130557246, guid: fbc944adfbb42fa41b4f49ac0fae6b24, type: 3}
      propertyPath: m_LocalPosition.y
      value: 3.8054
      objectReference: {fileID: 0}
    - target: {fileID: 4241351130557246, guid: fbc944adfbb42fa41b4f49ac0fae6b24, type: 3}
      propertyPath: m_LocalPosition.z
      value: 9.1666
      objectReference: {fileID: 0}
    - target: {fileID: 4241351130557246, guid: fbc944adfbb42fa41b4f49ac0fae6b24, type: 3}
      propertyPath: m_LocalRotation.x
      value: -0.7071068
      objectReference: {fileID: 0}
    - target: {fileID: 4241351130557246, guid: fbc944adfbb42fa41b4f49ac0fae6b24, type: 3}
      propertyPath: m_LocalRotation.y
      value: 0
      objectReference: {fileID: 0}
    - target: {fileID: 4241351130557246, guid: fbc944adfbb42fa41b4f49ac0fae6b24, type: 3}
      propertyPath: m_LocalRotation.z
      value: -0
      objectReference: {fileID: 0}
    - target: {fileID: 4241351130557246, guid: fbc944adfbb42fa41b4f49ac0fae6b24, type: 3}
      propertyPath: m_LocalRotation.w
      value: 0.7071067
      objectReference: {fileID: 0}
    - target: {fileID: 4241351130557246, guid: fbc944adfbb42fa41b4f49ac0fae6b24, type: 3}
      propertyPath: m_RootOrder
      value: 10
      objectReference: {fileID: 0}
    - target: {fileID: 4241351130557246, guid: fbc944adfbb42fa41b4f49ac0fae6b24, type: 3}
      propertyPath: m_LocalEulerAnglesHint.x
      value: 0
      objectReference: {fileID: 0}
    - target: {fileID: 4241351130557246, guid: fbc944adfbb42fa41b4f49ac0fae6b24, type: 3}
      propertyPath: m_LocalEulerAnglesHint.y
      value: 0
      objectReference: {fileID: 0}
    - target: {fileID: 4241351130557246, guid: fbc944adfbb42fa41b4f49ac0fae6b24, type: 3}
      propertyPath: m_LocalEulerAnglesHint.z
      value: 0
      objectReference: {fileID: 0}
    - target: {fileID: 4241351130557246, guid: fbc944adfbb42fa41b4f49ac0fae6b24, type: 3}
      propertyPath: m_LocalScale.x
      value: 0.84586
      objectReference: {fileID: 0}
    - target: {fileID: 4241351130557246, guid: fbc944adfbb42fa41b4f49ac0fae6b24, type: 3}
      propertyPath: m_LocalScale.y
      value: 0.84586
      objectReference: {fileID: 0}
    - target: {fileID: 4241351130557246, guid: fbc944adfbb42fa41b4f49ac0fae6b24, type: 3}
      propertyPath: m_LocalScale.z
      value: 0.84586
      objectReference: {fileID: 0}
    m_RemovedComponents: []
  m_SourcePrefab: {fileID: 100100000, guid: fbc944adfbb42fa41b4f49ac0fae6b24, type: 3}
--- !u!4 &8919601038992805536 stripped
Transform:
  m_CorrespondingSourceObject: {fileID: 4241351130557246, guid: fbc944adfbb42fa41b4f49ac0fae6b24,
    type: 3}
  m_PrefabInstance: {fileID: 8919335766738216350}
  m_PrefabAsset: {fileID: 0}
